@misc{pic,
	title = "{The Gopher Tortoise}",
	url = {https://www.nature.org/en-us/about-us/where-we-work/united-states/mississippi/stories-in-mississippi/gopher-tortoise-species-profile/},
	abstract = {At Camp Shelby and throughout the longleaf pine range, gopher tortoises are staging a comeback. },
	language = {EN-US},
	urldate = {2020-03-07},
	year = 2019,
	author = "{The Nature Conservancy}",
}

@article {source,
	author = "Noel, Krista M. and Qualls, Carl P. and Ennen, Joshua R.",
	title = "{A Comparison  of  Artificial  Incubation  and  Natural  Incubation  Hatching  Success  of  Gopher  Tortoise (\textit{Gopherus Polyphemus})  Eggs In Southern Mississippi}",
	year = "{2012}",
	doi = "{10.1655/herpetologica-D-11-00061.1}",
	journal = "{Herpetologica}",
	issn = "{324â€“333}",
}