@article {source,
	author = "Hatchett, Richard J. and Mecher, Carter E. and Lipsitch, Marc",
	title = "{Public Health Interventions and Epidemic Intensity During the 1918 Influenza Pandemic}",
	year = "{2007}",
	doi = "10.1073/pnas.0610941104",
	journal = "{PNAS}",
}